
%____________________________________________________________

                 Journals    
%____________________________________________________________

@article{song2016,
	title={Rolling horizon path planning of an autonomous system of UAVs for persistent cooperative service: MILP formulation and efficient heuristics},
	author={Song, Byung Duk and Kim, Jonghoe and Morrison, James R},
	journal={Journal of Intelligent \& Robotic Systems},
	volume={84},
	pages={241--258},
	year={2016},
	publisher={Springer}
}

@article{rajendran2019,
	title={Insights on strategic air taxi network infrastructure locations using an iterative constrained clustering approach},
	author={Rajendran, Suchithra and Zack, Joshua},
	journal={Transportation Research Part E: Logistics and Transportation Review},
	volume={128},
	pages={470--505},
	year={2019},
	publisher={Elsevier}
}

@article{rajendran2020,
	title={Air taxi service for urban mobility: A critical review of recent developments, future challenges, and opportunities},
	author={Rajendran, Suchithra and Srinivas, Sharan},
	journal={Transportation research part E: logistics and transportation review},
	volume={143},
	pages={(20 pages)},
	year={2020},
	publisher={Elsevier}
}

@article{mohan2019,
	title={A review of dynamic job shop scheduling techniques},
	author={Mohan, Jatoth and Lanka, Krishnanand and Rao, Neelakanteswara A.},
	journal={Procedia Manufacturing},
	volume={30},
	pages={34--39},
	year={2019},
	publisher={Elsevier}
}


@article{fang1997,
	title={A rolling horizon job shop rescheduling strategy in the dynamic environment},
	author={Fang, Jian and Yugeng Xi},
	journal={The International Journal of Advanced Manufacturing Technology},
	volume={13},
	pages={227--232},
	year={1997},
	publisher={Springer}
}

@article{chen2017,
	title={Real-time workflows oriented online scheduling in uncertain cloud environment},
	author={Chen, Huangke and Zhu, Jianghan and Zhang, Zhenshi and Ma, Manhao and Shen, Xin},
	journal={The Journal of Supercomputing},
	volume={73},
	pages={4906--4922},
	year={2017},
	publisher={Springer}
}

@article{sun1994,
	title={A dynamic job shop scheduling framework: a backward approach},
	author={Sun, D. and Lin, L.},
	journal={The International Journal of Production Research},
	volume={32},
	pages={967--985},
	year={1994},
	publisher={Taylor \& Francis}
}

@article{tang2010,
	title={Rolling horizon approach for dynamic parallel machine scheduling problem with release times},
	author={Tang, Lixin and Jiang, Shujun and Liu, Jiyin},
	journal={Industrial \& engineering chemistry research},
	volume={49},
	pages={381--389},
	year={2010},
	publisher={ACS Publications}
}


@article{hanshar2007,
	title={Dynamic vehicle routing using genetic algorithms},
	author={Hanshar, Franklin T. and Ombuki-Berman, Beatrice},
	journal={Applied Intelligence},
	volume={27},
	number={1},
	pages={89--99},
	year={2007},
	publisher={Springer}
}

@article{larsen2002,
	title={Partially dynamic vehicle routing—models and algorithms},
	author={Larsen, Allan and Madsen, Oli B. G. and Solomon, Marius},
	journal={Journal of the operational research society},
	volume={53},
	pages={637--646},
	year={2002},
	publisher={Springer}
}

@article{rajendran2021,
	title={Real-time dispatching of air taxis in metropolitan cities using a hybrid simulation goal programming algorithm},
	author={Rajendran, Suchithra},
	journal={Expert Systems with Applications},
	volume={178},
	pages={(13 pages)},
	year={2021},
	publisher={Elsevier}
}

@article{cplex2009v12,
	title={V12. 1: User’s Manual for CPLEX},
	author={CPLEX, IBM ILOG},
	journal={International Business Machines Corporation},
	volume={46},
	pages={157},
	year={2009}
}
%____________________________________________________________
   
              Conferences  
%____________________________________________________________ 

@inproceedings{song2014,
	title={Towards real time scheduling for persistent UAV service: A rolling horizon MILP approach, RHTA and the STAH heuristic},
	author={Song, Byung Duk and Kim, Jonghoe and Morrison, James R},
	booktitle={2014 International Conference on Unmanned Aircraft Systems (ICUAS)},
	pages={506--515},
	year={2014},
	organization={IEEE}
}


@inproceedings{panwadee2021,
	title={Optimal Scheduling for Flying Taxi Operation},
	author={Tangpattanakul, Panwadee and Quenel, Ilhem},
	booktitle={Proceedings of the 13th International Joint Conference on Computational Intelligence},
	pages={141-148},
	year={2021}
}






%____________________________________________________________

            Websites
%____________________________________________________________ 
@MISC{airbus2025,
	author = {Dumez, Hugues-Olivier},
	title = {Toulouse. Un taxi volant pour circuler au-dessus des bouchons : le projet d'Airbus se concrétise},
	year = {2021},
	howpublished={\url{https://actu.fr/occitanie/toulouse_31555/toulouse-un-taxi-volant-pour-circuler-au-dessus-des-bouchons-le-projet-d-airbus-se-concretise_45082439.html}}
}







%____________________________________________________________

Technical reports
%____________________________________________________________ 
















